@article{expret,
	url = {http://dx.doi.org/10.1561/1500000024},
	year = {2012},
	volume = {6},
	journal = {Foundations and Trends® in Information Retrieval},
	title = {Expertise Retrieval},
	doi = {10.1561/1500000024},
	issn = {1554-0669},
	number = {2–3},
	pages = {127-256},
	author = {Krisztian Balog and Yi Fang and Maarten de Rijke and Pavel Serdyukov and Luo Si}
}
له